@article{lamport1986latex,
	title={LaTEX: User's Guide \& Reference Manual},
	author={Lamport, Leslie},
	year={1986},
	publisher={Addison-Wesley}
}

@article{quatroautores,
	title={Real-time prediction of hand trajectory 
	by ensembles of cortical neurons in primates},
	author={Wessberg, Johan and Stambaugh, Christopher R and 
	Kralik,Jerald D and 
	Beck, Pamela D and Laubach, Mark and 
	Chapin, John K and Kim, Jung and Biggs, S James and 
	Srinivasan, Mandayam A and Nicolelis, Miguel AL},
	journal={Nature},
	volume={408},
	number={6810},
	pages={361--365},
	year={2000},
	publisher={Nature Publishing Group}
}

@article{density-based-clusters,
	title={A density-based algorithm for discovering
	clusters in large spatial databases with noise},
	author={ESTER, M. and KRIEGEL, H.-P. and SANDER, J. and XU, X.},
	volume={96},
	number={34},
	pages={226--231},
	year={1996},
	publisher={KDD}
}

@article{lahiri2007,
	title={Structure prediction in temporal networks using frequent subgraphs},
	author={ LAHIRI, M. and BERGER-WOLF, T.Y.},
	pages={35--42},
	year={2007},
	publisher={IEEE Symposium on Computational Intelligence and Data Mining}
}

@article{lahiri2008,
	title={Mining Periodic Behavior in Dynamic Social Networks},
	author= {LAHIRI, M. and BERGER-WOLF, T.Y.},
	year={2008},
	publisher={Eighth IEEE International Conference on Data Mining}
}

@book{barabasi,
	title={{The Structure and Dynamics of Networks: Princeton Studies in Complexity}},
	author={BARABÁSI, Albert-László and NEWMAN, Mark and WATTS, Duncan J.},
	year={2006},
	publisher={1. ed. Princeton University Press}
}

@book{boaventura,
	title={{Grafos - Teoria, Modelos, Algoritmos}},
	author={Boaventura Netto, P. O.},
	year={1996},
	publisher={2a edição, Editora Edgard Blücher Ltda}
}

@book{bookahuja,
	title={{Network flows: theory, algorithms, and applications}},
	author={AHUJA, R.K. and  Magnanti, Thomas L. and Orlin, James B.},
	year={1993},
	publisher={Prentice-Hall, Inc. Upper Saddle River, NJ}
}

@book{cormen,
	title={{Introduction to Algorithms}},
	author={CORMEN, Thomas H. and LEISERSON, Charles E. and RIVEST, Ronald L. and STEIN, Clifford},
	year={2001},
	publisher={Cambridge and NewYork: The MIT Press and McGraw-Hill Book Company, 2nd. Edition}
}

@book{goldbarg,
	title={{Grafos: Conceitos, algoritmos e aplicações}},
	author={GOLDBARG, Marco and GOLDBARG, Elizabeth},
	year={2012},
	publisher={1a Edição, Editora Elservier}
}

@book{ziviani,
	title={Projeto de algoritmos com implementação em pascal e C},
	author={Ziviani, N.},
	year={2004},
	publisher={2a Edição, Editora Pioneira Thomson Learning}
}

@book{negreirosbook,
	title={{Otimização em Grafos}},
	author={Negreiros, Marcos and Maculan, Nelson},
	year={2016},
	publisher={(Não Publicado)}
}

@book{goodrich,
	title={{Estrutura de Dados e Algoritmos em JAVA}},
	author={GOODRICH, Michael T. and TAMASSIA, Roberto},
	year={2007},
	publisher={(4a Edição, Editora Bookman)}
}

@book{douglas,
	title={{JavaScript: The Good Parts}},
	author={CROCKFORD, Douglas},
	year={2008},
	publisher={(O'Reilly Media)}
}

@book{fachin,
	title={Fundamentos de metodologia},
	author={FACHIN, O.},
	year={2001},
	publisher={3a Edição, Editora Saraiva}
}

@article{giacomo,
	title={{Shortest paths on dynamic graphs}},
	author={NANNICINI, G. and LIBERTI, L.},
	pages={551-563},
	volume={15},
	number={5},
	journal={International Transactions in Operational Research},
	year={2008}
}

@article{harary,
	title={{Dynamic Graph Models}},
	author={HARARY, F. and GUPTA, G},
	pages={79-87},
	volume={25},
	number={7},
	journal={Mathl. Comput. Modelling},
	year={1997}
}

@article{kim,
	title={{Temporal node centrality in complex networks}},
	author={KIM, Hyoungshick and ANDERSON, Ross},
	pages={8},
	publisher={1 ed. PHYSICAL REVIEW},
	year={2012}
}

@article{dynagraph2012,
	title={{DYNAGRAPH: Um Modelo de Edição e Representação de Grafos Dinâmicos}},
	author={CALIXTO, Anderson and NEGREIROS, Marcos},
	pages={8},
	publisher={1 ed. CLAIO/SBPO},
	year={2012}
}

@article{ahuja,
	title={{Faster algorithms for the shortest path problem}},
	author={AHUJA, R.K. and Mehlhorn, Kurt and Orlin, James B. and Tarjan, Robert E.},
	journal={Journal of the Association for Computing Machinery},
	volume={37},
	number={2},
	pages={213--223},
	year={1990}
}

@article{kostakos,
	title={{Temporal graphs}},
	author={KOSTAKOS, Vassilis},
	journal={Physica A},
	year={2009},
	pages={1007--1023}
}

@article{peer,
	title={{Finding the shortest path in stochastic networks}},
	author={PEER, S.K. and SHARMA, D.K.},
	journal={Computers \& Mathematics with Applications},
	volume={53},
	number={5},
	pages={729--740},
	year={2007}
}

@article{holme,
	title={{Modern temporal network theory: a colloquium}},
	author={HOLME, P.},
	journal={The European Physical Journal B},
	volume={88},
	number={9},
	pages={1},
	year={2015}
}

@article{xiao-long,
	title={{Temporal prediction of epidemic patterns in community networks}},
	author={Peng, X.L. and SMALL, M. and XU, X.J. and Fu Xinchu},
	journal={New Journal of Physics},
	volume={15},
	number={113033},
	year={2013}
}

@article{Birant2007STDBSCANAA,
	title={ST-DBSCAN: An algorithm for clustering spatial-temporal data},
	author={Derya Birant and Alp Kut},
	journal={Data Knowl. Eng.},
	year={2007},
	volume={60},
	pages={208-221}
}

@mastersthesis{alfredo,
	title={{Encontrando Similaridades entre Indivíduos Através de Métodos de Agrupamento Natural}},
	author={Tomaz, Alfredo P.},
	year={2009},
	school={Universidade Estadual do Ceará}
}

@mastersthesis{leonard,
	title={{Uma Metodologia para Previsão On-line de Tempos de Viagem e Rotas Ótimas em Redes Viárias Urbanas}},
	author={Augusto, Leonard C.S.},
	year={2013},
	school={Mestrado Profissional em Computa\c{c}\~ao Aplicada (MPCOMP), Universidade Estadual do Ceará}
}

@mastersthesis{dynagraph,
	title={{DYNAGRAPH: Um Modelo de Edição e Representação de Grafos Dinâmicos}},
	author={CALIXTO, Anderson and NEGREIROS, Marcos},
	year={2013},
	school={Mestrado Profissional em Computa\c{c}\~ao Aplicada (MPCOMP), Universidade Estadual do Ceará}
}

@mastersthesis{classauto,
	title={{Cl@ssAuto -– Uma ferramenta WEB de ensino em classificação automática de dados}},
	author={COELHO, G. A. de Aguiar},
	year={2003},
	school={Mestrado Profissional em Computa\c{c}\~ao Aplicada (MPCOMP), Universidade Estadual do Ceará}
}

@conference{cunha,
	title={{Análise Comparativa de Algoritmos Eficientes para o Problema de Caminho Mínimo}},
	author={ATZINGEN, J. V. and CUNHA, C. B. and NAKAMOTO, F. Y. and RIBEIRO, F. R. and SCHARDONG, A.},
	booktitle={XXI ANPET: Congresso de Pesquisa e Ensino em Transportes, Panorama Nacional da Pesquisa em Transportes. Associação Nacional de Ensino e Pesquisa em Transportes},
	pages={1--12},
	publisher={Rio de Janeiro, Brasil},
	year={2007}
}

@conference{gephi,
	title={{Gephi: An Open Source Software for Exploring and Manipulating Networks}},
	author={BASTIAN, Mathieu and HEYMANN, Sebastien and JACOMY, Mathieu},
	booktitle={Internacional AAAI Conference on Weblogs and Social Media},
	year={2009},
	publisher={São José, Califórnia, Estados Unidos},
}

@conference{simposioNeg,
	title={{Um Algoritmo Polinomial para Identificação de Grupos Naturais em Longas Bases de Dados}},
	author={VIANA, J. F. Roldan and Negreiros, Marcos},
	booktitle={XXXV Simpósio Brasileiro de Pesquisa Operacional},
	year={2003},
	publisher={Natal},
}

@PHDTHESIS{negreiros,
	title={{Contribuições para otimização em grafos e problemas de percurso de Veículos: Sistema SisGRAFO}},
	author={Negreiros, Marcos},
	year={1996},
	school={COPPE/UFRJ - Eng Sistemas - DSc Thesis}
}

@PHDTHESIS{zpr98-319,
	AUTHOR		= {Stefan Krauß},
	INSTITUTION	= {Mathematisches Institut, Universit\"at zu K\"oln},
	SCHOOL		= {Mathematisches Institut, Universit\"at zu K\"oln},
	TITLE		= {Microscopic Modeling of Traffic Flow: Investigation of Collision Free Vehicle Dynamics},
	KEYWORDS	= {highway traffic, interacting random processes, statistical mechanics type modells, statistical processes; 60K30, 60K35, 90B20},
	PAGES		= {116},
	NUMBER		= {319},
	YEAR		= {1998}
}

@online{simda,
	author = {SIMDA},
	title = {Sistema de Monitoramento Diário de Agravos},
	year = 2018,
	url = {http://tc1.sms.fortaleza.ce.gov.br/simda/index},
	urldate = {2018-06-24}
}

@inproceedings{Gomide2011DengueSB,
	title={Dengue surveillance based on a computational model of spatio-temporal locality of Twitter},
	author={Jana{\'i}na Gomide and Adriano Veloso and Wagner Meira and Virg{\'i}lio A. F. Almeida and Fabr{\'i}cio Benevenuto and Fernanda Ferraz and Mauro M Teixeira},
	booktitle={WebSci},
	year={2011}
}

@inproceedings{Senoetnik2016SpatiotemporalCM,
	title={Spatio-temporal clustering methods},
	author={Matej Seno{\vz}etnik and Luka Bradesko and Bla{\vz} Ka{\vz}i{\vc} and Dunja Mladenic and Tine {\vS}ubic},
	year={2016}
}